<?xml version="1.0" encoding="UTF-8"?><collection xmlns="http://www.loc.gov/MARC21/slim"><record><leader>00345nam--2200121-i-4500</leader><controlfield tag="001">000010795</controlfield><controlfield tag="002">20161230</controlfield><controlfield tag="005">20161230201028</controlfield><controlfield tag="008">060222s1000------------r-----000-0-eng-d</controlfield><datafield ind1=" " ind2=" " tag="080"><subfield code="a">31(058:498)</subfield></datafield><datafield ind1=" " ind2=" " tag="245"><subfield code="a">Anuarul statistic al republicii socialiste rom ania, 1973</subfield></datafield><datafield ind1=" " ind2=" " tag="260"><subfield code="a">Bucuresti, Directia Centrala De Statistica, 1973. 666 P</subfield></datafield><datafield ind1=" " ind2=" " tag="852"><subfield code="a">39384</subfield></datafield></record></collection>